@online{mdn:glossary:control-flow,
  series = {MDN Web Docs Glossary: Definitions of Web-related terms},
  title = {Control flow},
  author = {MDN contributors},
  url = {https://developer.mozilla.org/en-US/docs/Glossary/Control_flow},
  urldate = {2018-08-24},
  organization = {Mozilla},
}

@online{mdn:glossary:css-preprocessor,
  series = {MDN Web Docs Glossary: Definitions of Web-related terms},
  title = {CSS preprocessor},
  author = {MDN contributors},
  url = {https://developer.mozilla.org/en-US/docs/Glossary/CSS_preprocessor},
  urldate = {2018-08-25},
  organization = {Mozilla},
}

@online{mdn:getting-started-with-the-web,
  series = {MDN: Learn Web Development},
  title = {Getting staretd with the Web},
  author = {MDN contributors},
  url = {https://developer.mozilla.org/en-US/docs/Learn/Getting_started_with_the_web},
  urldate = {2018-08-31},
  organization = {Mozilla},
}

@online{mdn:inner-browsing,
  series = {Archives od MDN},
  title = {Inner-browsing extending the browser navigation paradigm},
  author = {Marcio Galli and Roger Soares and Ian Oeschger},
  date = {2003-05-16},
  url = {https://developer.mozilla.org/en-US/docs/Archive/Inner-browsing_extending_the_browser_navigation_paradigm},
  urldate = {2018-08-31},
}

@online{mdn:string-includes,
  series = {MDN: JavaScript},
  title = {\code{String.prototype.includes()}},
  author = {MDN contributors},
  url = {https://developer.mozilla.org/en-US/docs/Web/JavaScript/Reference/Global_Objects/String/includes},
  urldate = {2018-08-31},
}
