@online{sojs:2017,
  title = {The State of JavaScript (2017)},
  subtitle = {Survey Results},
  author = {Sacha and RaphaÃ«l and Michael},
  url = {https://stateofjs.com/2017/},
  urldate = {2018-08-25},
}

@online{toml:spec,
  title = {TOML},
  subtitle = {Tom's Obvious, Minimal Language},
  author = {Tom Preston-Werner},
  url = {https://github.com/toml-lang/toml},
  urldate = {2018-08-25},
}

@online{hyperapp:patch,
  title = {Funkcija \code{patch} u mikro-frejmvorku \textit{{Hyperapp}}},
  url = {https://github.com/lazarljubenovic/hyperapp/blob/3f7bc8029ae1f080a9c4c916668a3c816735ef2b/src/app.js#L171}
}

@online{wiki:ast,
  author = {Wikipedia contributors},
  title = {Abstract syntax tree --- {Wikipedia}{,} The Free Encyclopedia},
  year = {2018},
  url = {https://en.wikipedia.org/w/index.php?title=Abstract_syntax_tree&oldid=849296366},
  urldate = {2018-08-30},
}

@online{gh:ms:ts:wiki:architectural-overview,
  author = {TypeScript contributors},
  title = {Architectural Overview},
  subtitle = {TypeScript},
  url = {https://github.com/Microsoft/TypeScript/wiki/Architectural-Overview},
  urldate = {2018-08-30},
}

@online{gh:ms:ts:wiki:using-the-compiler-api,
  author = {TypeScript contributors},
  title = {Using the Compiler API},
  subtitle = {TypeScript},
  url = {https://github.com/Microsoft/TypeScript/wiki/Using-the-Compiler-API},
  urldate = {2018-08-30},
}

@online{gh:ms:ts,
  author = {TypeScript contributors},
  title = {TypeScript},
  url = {https://github.com/Microsoft/TypeScript},
}

@online{typescript-deep-dive,
  author = {Basarat Ali Syed and contributors},
  title = {TypeScript Deep Dive},
  url = {https://legacy.gitbook.com/book/basarat/typescript},
  urldate = {2018-08-30},
}
