@online{w3c:shadow-dom,
  author = {Hayato Ito},
  title = {Shadow {DOM}},
  url = {https://www.w3.org/TR/shadow-dom/},
  urldate = {2018-08-25},
  date = {2018-03-01},
  institution = {W3C},
}

@online{w3c:css-scoping-1,
  author = {Tab Atkins Jr. and Elika Etemad},
  title = {{CSS} Scopring Module Level 1},
  url = {https://www.w3.org/TR/shadow-dom},
  urldate = {2018-08-25},
  date = {2014-04},
  institution = {W3C},
}
